@book{airy1845tides,
  title={Tides and waves},
  author={Airy, George Biddell},
  year={1845},
  publisher={B. Fellowes}
}
@article{alpers1978two,
  title={The two-frequency microwave technique for measuring ocean-wave spectra from an airplane or satellite},
  author={Alpers, Werner and Hasselmann, Klaus},
  journal={Boundary-Layer Meteorology},
  volume={13},
  pages={215--230},
  year={1978},
  publisher={Springer}
}
@article{banner1993wave,
  title={Wave breaking in deep water},
  author={Banner, ML and Peregrine, DH},
  journal={Annual review of fluid mechanics},
  volume={25},
  number={1},
  pages={373--397},
  year={1993}
}
@article{belcher1999wave,
  title={Wave growth by non-separated sheltering},
  author={Belcher, SE},
  journal={European Journal of Mechanics-B/Fluids},
  volume={18},
  number={3},
  pages={447--462},
  year={1999},
  publisher={Elsevier}
}
@article{bretherton1968wavetrains,
  title={Wavetrains in inhomogeneous moving media},
  author={Bretherton, Francis P and Garrett, Christopher John Raymond},
  journal={Proceedings of the Royal Society of London. Series A. Mathematical and Physical Sciences},
  volume={302},
  number={1471},
  pages={529--554},
  year={1968},
  publisher={The Royal Society London}
}
@article{butcher1996runge,
  title={Runge-Kutta methods: some historical notes},
  author={Butcher, John Charles and Wanner, Gerhard},
  journal={Applied Numerical Mathematics},
  volume={22},
  number={1-3},
  pages={113--151},
  year={1996},
  publisher={Elsevier}
}
@article{chen2000effects,
  title={Effects of long waves on wind-generated waves},
  author={Chen, Gang and Belcher, Stephen E},
  journal={Journal of Physical Oceanography},
  volume={30},
  number={9},
  pages={2246--2256},
  year={2000},
  publisher={American Meteorological Society}
}
@article{clamond2018accurate,
  title={Accurate fast computation of steady two-dimensional surface gravity waves in arbitrary depth},
  author={Clamond, Didier and Dutykh, Denys},
  journal={Journal of Fluid Mechanics},
  volume={844},
  pages={491--518},
  year={2018},
  publisher={Cambridge University Press}
}
@article{curcic2016hurricane,
  title={Hurricane-induced ocean waves and stokes drift and their impacts on surface transport and dispersion in the Gulf of Mexico},
  author={Curcic, Milan and Chen, Shuyi S and {\"O}zg{\"o}kmen, Tamay M},
  journal={Geophysical Research Letters},
  volume={43},
  number={6},
  pages={2773--2781},
  year={2016},
  publisher={Wiley Online Library}
}
@article{donelan1987effect,
  title={The effect of swell on the growth of wind waves},
  author={Donelan, Mark A},
  year={1987},
  journal={Johns Hopkins APL Technical Digest},
  volume={8},
  number={1},
  pages={18--23}
}
@article{donelan2010modulation,
  title={Modulation of short wind waves by long waves},
  author={Donelan, Mark A and Haus, Brian K and Plant, William J and Troianowski, Olivier},
  journal={Journal of Geophysical Research: Oceans},
  volume={115},
  number={C10},
  year={2010},
  publisher={Wiley Online Library}
}
@article{donelan2012modeling,
  title={Modeling waves and wind stress},
  author={Donelan, MA and Curcic, M and Chen, SS and Magnusson, AK},
  journal={Journal of Geophysical Research: Oceans},
  volume={117},
  number={C11},
  year={2012},
  publisher={Wiley Online Library}
}
@article{dysthe1988orbiting,
  title={The orbiting double pendulum: an analogue to interacting gravity waves},
  author={Dysthe, K and Henyey, FS and Longuet-Higgins, Michael Selwyn and Schult, RL},
  journal={Proceedings of the Royal Society of London. A. Mathematical and Physical Sciences},
  volume={418},
  number={1855},
  pages={281--299},
  year={1988},
  publisher={The Royal Society London}
}
@article{ellingsen2014ship,
  title={Ship waves in the presence of uniform vorticity},
  author={Ellingsen, Simen {\AA}},
  journal={Journal of Fluid Mechanics},
  volume={742},
  pages={R2},
  year={2014},
  publisher={Cambridge University Press}
}
@article{group1988wam,
  title={{The WAM model—A third generation ocean wave prediction model}},
  author={{WAMDI Group}},
  journal={Journal of physical oceanography},
  volume={18},
  number={12},
  pages={1775--1810},
  year={1988}
}
@article{hara1994hydrodynamic,
  title={Hydrodynamic modulation of short wind-wave spectra by long waves and its measurement using microwave backscatter},
  author={Hara, Tetsu and Plant, William J},
  journal={Journal of Geophysical Research: Oceans},
  volume={99},
  number={C5},
  pages={9767--9784},
  year={1994},
  publisher={Wiley Online Library}
}
@article{hara2003observation,
  title={Observation of hydrodynamic modulation of gravity-capillary waves by dominant gravity waves},
  author={Hara, Tetsu and Hanson, Kurt A and Bock, Erik J and Uz, B Mete},
  journal={Journal of Geophysical Research: Oceans},
  volume={108},
  number={C2},
  year={2003},
  publisher={Wiley Online Library}
}
@article{henyey1988energy,
  title={The energy and action of small waves riding on large waves},
  volume={189},
  doi={10.1017/S0022112088001090},
  journal={Journal of Fluid Mechanics},
  author={Henyey, Frank S. and Creamer, Dennis B. and Dysthe, Kristian B. and Schult, Roy L. and Wright, Jon A.},
  year={1988},
  pages={443–462}
}
@article{janssen2009some,
  title={On some consequences of the canonical transformation in the Hamiltonian theory of water waves},
  author={Janssen, Peter AEM},
  journal={Journal of Fluid Mechanics},
  volume={637},
  pages={1--44},
  year={2009},
  publisher={Cambridge University Press}
}
@article{keller1975microwave,
  title={Microwave scattering and the straining of wind-generated waves},
  author={Keller, WC and Wright, JW},
  journal={Radio science},
  volume={10},
  number={2},
  pages={139--147},
  year={1975},
  publisher={AGU}
}
@article{kenyon1969stokes,
  title={Stokes drift for random gravity waves},
  author={Kenyon, Kern E},
  journal={Journal of Geophysical Research},
  volume={74},
  number={28},
  pages={6991--6994},
  year={1969},
  publisher={Wiley Online Library}
}
@article{kurganov2000new,
  title={New high-resolution central schemes for nonlinear conservation laws and convection--diffusion equations},
  author={Kurganov, Alexander and Tadmor, Eitan},
  journal={Journal of computational physics},
  volume={160},
  number={1},
  pages={241--282},
  year={2000},
  publisher={Elsevier}
}
@article{laxague2017gravity,
  title={Gravity-capillary wave spectral modulation by gravity waves},
  author={Laxague, Nathan JM and Curcic, Milan and Bj{\"o}rkqvist, Jan-Victor and Haus, Brian K},
  journal={IEEE Transactions on Geoscience and Remote Sensing},
  volume={55},
  number={5},
  pages={2477--2485},
  year={2017},
  publisher={IEEE}
}
@article{laxague2020observations,
  title={Observations of mean and wave orbital flows in the ocean’s upper centimetres},
  author={Laxague, Nathan JM and Zappa, Christopher J},
  journal={Journal of Fluid Mechanics},
  volume={887},
  pages={A10},
  year={2020},
  publisher={Cambridge University Press}
}
@article{longuet1960changes,
  title={Changes in the form of short gravity waves on long waves and tidal currents},
  author={Longuet-Higgins, MS and Stewart, RW},
  journal={Journal of Fluid Mechanics},
  volume={8},
  number={4},
  pages={565--583},
  year={1960},
  publisher={Cambridge University Press}
}
@article{longuet1961changes,
  title={The changes in amplitude of short gravity waves on steady non-uniform currents},
  author={Longuet-Higgins, Michael S and Stewart, RW129244},
  journal={Journal of fluid mechanics},
  volume={10},
  number={4},
  pages={529--549},
  year={1961},
  publisher={Cambridge University Press}
}
@article{longuet1962resonant,
  title={Resonant interactions between two trains of gravity waves},
  author={Longuet-Higgins, Michael S},
  journal={Journal of Fluid Mechanics},
  volume={12},
  number={3},
  pages={321--332},
  year={1962},
  publisher={Cambridge University Press}
}
@article{longuet1962phase,
  title={Phase velocity effects in tertiary wave interactions},
  author={Longuet-Higgins, Michael S and Phillips, Owen M},
  journal={Journal of Fluid Mechanics},
  volume={12},
  number={3},
  pages={333--336},
  year={1962},
  publisher={Cambridge University Press}
}
@article{longuet1986eulerian,
  title={Eulerian and Lagrangian aspects of surface waves},
  author={Longuet-Higgins, MS},
  journal={Journal of Fluid Mechanics},
  volume={173},
  pages={683--707},
  year={1986},
  publisher={Cambridge University Press}
}
@article{longuet1987propagation,
  title={The propagation of short surface waves on longer gravity waves},
  author={Longuet-Higgins, MS},
  journal={Journal of Fluid Mechanics},
  volume={177},
  pages={293--306},
  year={1987},
  publisher={Cambridge University Press}
}
@article{luke1966perturbation,
  title={A perturbation method for nonlinear dispersive wave problems},
  author={Luke, John Christian},
  journal={Proceedings of the Royal Society of London. Series A. Mathematical and Physical Sciences},
  volume={292},
  number={1430},
  pages={403--412},
  year={1966},
  publisher={The Royal Society London}
}
@article{luke1967variational,
  title={A variational principle for a fluid with a free surface},
  author={Luke, Jon Christian},
  journal={Journal of Fluid Mechanics},
  volume={27},
  number={2},
  pages={395--397},
  year={1967},
  publisher={Cambridge University Press}
}
@article{mcallister2024three,
  title={Three-dimensional wave breaking},
  author={McAllister, ML and Draycott, Samuel and Calvert, R and Davey, T and Dias, F and van den Bremer, TS},
  journal={Nature},
  volume={633},
  number={8030},
  pages={601--607},
  year={2024},
  publisher={Nature Publishing Group UK London}
}
@article{monismith2020stokes,
  title={Stokes drift: theory and experiments},
  author={Monismith, Stephen G},
  journal={Journal of Fluid Mechanics},
  volume={884},
  pages={F1},
  year={2020},
  publisher={Cambridge University Press}
}
@article{perlin2013breaking,
  title={Breaking waves in deep and intermediate waters},
  author={Perlin, Marc and Choi, Wooyoung and Tian, Zhigang},
  journal={Annual review of fluid mechanics},
  volume={45},
  number={1},
  pages={115--145},
  year={2013},
  publisher={Annual Reviews}
}
@article{peureux2021unsteady,
  title={On the unsteady steepening of short gravity waves near the crests of longer waves in the absence of generation or dissipation},
  author={Peureux, Charles and Ardhuin, Fabrice and Guimar{\~a}es, Pedro Veras},
  journal={Journal of Geophysical Research: Oceans},
  volume={126},
  number={1},
  pages={e2020JC016735},
  year={2021},
  publisher={Wiley Online Library}
}
@book{phillips1966dynamics,
  title={The dynamics of the upper ocean},
  author={Phillips, OM},
  year={1966},
  publisher={Cambridge University Press}
}
@article{phillips1981dispersion,
  title={The dispersion of short wavelets in the presence of a dominant long wave},
  author={Phillips, OM},
  journal={Journal of Fluid Mechanics},
  volume={107},
  pages={465--485},
  year={1981},
  publisher={Cambridge University Press}
}
@article{plant1977studies,
  title={Studies of backscattered sea return with a CW, dual-frequency, X-band radar},
  author={Plant, W},
  journal={IEEE Journal of Oceanic Engineering},
  volume={2},
  number={1},
  pages={28--36},
  year={1977},
  publisher={IEEE}
}
@article{plant1986two,
  title={A two-scale model of short wind-generated waves and scatterometry},
  author={Plant, William J},
  journal={Journal of Geophysical Research: Oceans},
  volume={91},
  number={C9},
  pages={10735--10749},
  year={1986},
  publisher={Wiley Online Library}
}
@article{romero2019distribution,
  title={Distribution of surface wave breaking fronts},
  author={Romero, Leonel},
  journal={Geophysical Research Letters},
  volume={46},
  number={17-18},
  pages={10463--10474},
  year={2019},
  publisher={Wiley Online Library}
}
@inproceedings{stewart1974hf,
  title={HF radio measurements of surface currents},
  author={Stewart, Robert H and Joy, Joseph W},
  booktitle={Deep sea research and oceanographic abstracts},
  volume={21},
  number={12},
  pages={1039--1049},
  year={1974},
  organization={Elsevier}
}
@article{stokes1847,
  title={On the theory of oscillatory waves},
  author={Stokes, George, G},
  journal={Transactions of the Cambridge Philosophical Society},
  volume={8},
  pages={441--455},
  year={1847}
}
@article{toffoli2010maximum,
  title={Maximum steepness of oceanic waves: Field and laboratory experiments},
  author={Toffoli, Alessandro and Babanin, Alexander and Onorato, Miguel and Waseda, T},
  journal={Geophysical Research Letters},
  volume={37},
  number={5},
  year={2010},
  publisher={Wiley Online Library}
}
@article{tolman1991third,
  title={A third-generation model for wind waves on slowly varying, unsteady, and inhomogeneous depths and currents},
  author={Tolman, Hendrik L},
  journal={Journal of Physical Oceanography},
  volume={21},
  number={6},
  pages={782--797},
  year={1991},
  publisher={American Meteorological Society}
}
@article{unna1941white,
  title={White horses},
  author={Unna, PJH},
  journal={Nature},
  volume={148},
  number={3747},
  pages={226--227},
  year={1941},
  publisher={Nature Publishing Group UK London}
}
@article{unna1942waves,
  title={Waves and tidal streams},
  author={Unna, PJH},
  journal={Nature},
  volume={149},
  number={3773},
  pages={219--220},
  year={1942},
  publisher={Nature Publishing Group UK London}
}
@article{unna1947sea,
  title={Sea waves},
  author={Unna, PJH},
  journal={Nature},
  volume={159},
  number={4033},
  pages={239--242},
  year={1947},
  publisher={Nature Publishing Group UK London}
}
@article{van2018stokes,
  title={Stokes drift},
  author={van den Bremer, Ton S and Breivik, {\O}yvind},
  journal={Philosophical Transactions of the Royal Society A: Mathematical, Physical and Engineering Sciences},
  volume={376},
  number={2111},
  pages={20170104},
  year={2018},
  publisher={The Royal Society Publishing}
}
@article{whitham1965general,
  title={A general approach to linear and non-linear dispersive waves using a Lagrangian},
  author={Whitham, GB},
  journal={Journal of Fluid Mechanics},
  volume={22},
  number={2},
  pages={273--283},
  year={1965},
  publisher={Cambridge University Press}
}
@article{whitham1967non,
  title={Non-linear dispersion of water waves},
  author={Whitham, GB},
  journal={Journal of Fluid Mechanics},
  volume={27},
  number={2},
  pages={399--412},
  year={1967},
  publisher={Cambridge University Press}
}
@article{whitham1974dispersive,
  title={Dispersive waves and variational principles},
  author={Whitham, GB},
  journal={Nonlinear waves},
  pages={139--169},
  year={1974},
  publisher={Cornell Univ. Press Ithaca}
}
@book{whitham1974linear,
  title={Linear and nonlinear waves},
  author={Whitham, GB},
  year={1974},
  publisher={John Wiley \& Sons}
}
@article{willebrand1975energy,
  title={Energy transport in a nonlinear and inhomogeneous random gravity wave field},
  author={Willebrand, J{\"u}rgen},
  journal={Journal of Fluid Mechanics},
  volume={70},
  number={1},
  pages={113--126},
  year={1975},
  publisher={Cambridge University Press}
}
@article{zakharov1968stability,
  title={Stability of periodic waves of finite amplitude on the surface of a deep fluid},
  author={Zakharov, Vladimir E},
  journal={Journal of Applied Mechanics and Technical Physics},
  volume={9},
  number={2},
  pages={190--194},
  year={1968},
  publisher={Springer}
}
@article{zhang1990evolution,
  title={Evolution of weakly nonlinear short waves riding on long gravity waves},
  author={Zhang, Jun and Melville, WK},
  journal={Journal of Fluid Mechanics},
  volume={214},
  pages={321--346},
  year={1990},
  publisher={Cambridge University Press}
}
@article{zhang1992stability,
  title={On the stability of weakly nonlinear short waves on finite-amplitude long gravity waves},
  author={Zhang, Jun and Melville, WK},
  journal={Journal of Fluid Mechanics},
  volume={243},
  pages={51--72},
  year={1992},
  publisher={Cambridge University Press}
}