@article{bretherton1968wavetrains,
  title={Wavetrains in inhomogeneous moving media},
  author={Bretherton, Francis P and Garrett, Christopher John Raymond},
  journal={Proceedings of the Royal Society of London. Series A. Mathematical and Physical Sciences},
  volume={302},
  number={1471},
  pages={529--554},
  year={1968},
  publisher={The Royal Society London}
}
@article{butcher1996runge,
  title={Runge-Kutta methods: some historical notes},
  author={Butcher, John Charles and Wanner, Gerhard},
  journal={Applied Numerical Mathematics},
  volume={22},
  number={1-3},
  pages={113--151},
  year={1996},
  publisher={Elsevier}
}
@article{curcic2016hurricane,
  title={Hurricane-induced ocean waves and stokes drift and their impacts on surface transport and dispersion in the Gulf of Mexico},
  author={Curcic, Milan and Chen, Shuyi S and {\"O}zg{\"o}kmen, Tamay M},
  journal={Geophysical Research Letters},
  volume={43},
  number={6},
  pages={2773--2781},
  year={2016},
  publisher={Wiley Online Library}
}
@article{hara1994hydrodynamic,
  title={Hydrodynamic modulation of short wind-wave spectra by long waves and its measurement using microwave backscatter},
  author={Hara, Tetsu and Plant, William J},
  journal={Journal of Geophysical Research: Oceans},
  volume={99},
  number={C5},
  pages={9767--9784},
  year={1994},
  publisher={Wiley Online Library}
}
@article{keller1975microwave,
  title={Microwave scattering and the straining of wind-generated waves},
  author={Keller, WC and Wright, JW},
  journal={Radio science},
  volume={10},
  number={2},
  pages={139--147},
  year={1975},
  publisher={AGU}
}
@article{kenyon1969stokes,
  title={Stokes drift for random gravity waves},
  author={Kenyon, Kern E},
  journal={Journal of Geophysical Research},
  volume={74},
  number={28},
  pages={6991--6994},
  year={1969},
  publisher={Wiley Online Library}
}
@article{longuet1960changes,
  title={Changes in the form of short gravity waves on long waves and tidal currents},
  author={Longuet-Higgins, MS and Stewart, RW},
  journal={Journal of Fluid Mechanics},
  volume={8},
  number={4},
  pages={565--583},
  year={1960},
  publisher={Cambridge University Press}
}
@article{longuet1986eulerian,
  title={Eulerian and Lagrangian aspects of surface waves},
  author={Longuet-Higgins, MS},
  journal={Journal of Fluid Mechanics},
  volume={173},
  pages={683--707},
  year={1986},
  publisher={Cambridge University Press}
}
@article{longuet1987propagation,
  title={The propagation of short surface waves on longer gravity waves},
  author={Longuet-Higgins, MS},
  journal={Journal of Fluid Mechanics},
  volume={177},
  pages={293--306},
  year={1987},
  publisher={Cambridge University Press}
}
@article{donelan2010modulation,
  title={Modulation of short wind waves by long waves},
  author={Donelan, Mark A and Haus, Brian K and Plant, William J and Troianowski, Olivier},
  journal={Journal of Geophysical Research: Oceans},
  volume={115},
  number={C10},
  year={2010},
  publisher={Wiley Online Library}
}
@article{peureux2021unsteady,
  title={On the unsteady steepening of short gravity waves near the crests of longer waves in the absence of generation or dissipation},
  author={Peureux, Charles and Ardhuin, Fabrice and Guimar{\~a}es, Pedro Veras},
  journal={Journal of Geophysical Research: Oceans},
  volume={126},
  number={1},
  pages={e2020JC016735},
  year={2021},
  publisher={Wiley Online Library}
}
@book{phillips1966dynamics,
  title={The dynamics of the upper ocean},
  author={Phillips, OM},
  year={1966},
  publisher={Cambridge University Press}
}
@article{phillips1981dispersion,
  title={The dispersion of short wavelets in the presence of a dominant long wave},
  author={Phillips, OM},
  journal={Journal of Fluid Mechanics},
  volume={107},
  pages={465--485},
  year={1981},
  publisher={Cambridge University Press}
}
@article{rohrs2012observation,
  title={Observation-based evaluation of surface wave effects on currents and trajectory forecasts},
  author={R{\"o}hrs, Johannes and Christensen, Kai H{\aa}kon and Hole, Lars Robert and Brostr{\"o}m, G{\"o}ran and Drivdal, Magnus and Sundby, Svein},
  journal={Ocean Dynamics},
  volume={62},
  number={10},
  pages={1519--1533},
  year={2012},
  publisher={Springer}
}
@article{stokes1847,
  title={On the theory of oscillatory waves},
  author={Stokes, George, G},
  journal={Transactions of the Cambridge Philosophical Society},
  volume={8},
  pages={441--455},
  year={1847}
}
@article{unna1941white,
  title={White horses},
  author={Unna, PJH},
  journal={Nature},
  volume={148},
  number={3747},
  pages={226--227},
  year={1941},
  publisher={Nature Publishing Group UK London}
}
@article{unna1942waves,
  title={Waves and tidal streams},
  author={Unna, PJH},
  journal={Nature},
  volume={149},
  number={3773},
  pages={219--220},
  year={1942},
  publisher={Nature Publishing Group UK London}
}
@article{unna1947sea,
  title={Sea waves},
  author={Unna, PJH},
  journal={Nature},
  volume={159},
  number={4033},
  pages={239--242},
  year={1947},
  publisher={Nature Publishing Group UK London}
}
@article{van2018stokes,
  title={Stokes drift},
  author={van den Bremer, Ton S and Breivik, {\O}yvind},
  journal={Philosophical Transactions of the Royal Society A: Mathematical, Physical and Engineering Sciences},
  volume={376},
  number={2111},
  pages={20170104},
  year={2018},
  publisher={The Royal Society Publishing}
}
@article{zhang1990evolution,
  title={Evolution of weakly nonlinear short waves riding on long gravity waves},
  author={Zhang, Jun and Melville, WK},
  journal={Journal of Fluid Mechanics},
  volume={214},
  pages={321--346},
  year={1990},
  publisher={Cambridge University Press}
}